@ARTICLE{1000236,
	author={D. Comaniciu and P. Meer},
	journal={IEEE Transactions on Pattern Analysis and Machine Intelligence},
	title={Mean shift: a robust approach toward feature space analysis},
	year={2002},
	volume={24},
	number={5},
	pages={603-619},
	keywords={computer vision;estimation theory;image segmentation;nonparametric statistics;pattern clustering;smoothing methods;Nadaraya-Watson estimator;algorithm performance;analysis resolution;arbitrarily shaped cluster delineation;color images;complex multimodal feature space;computational module;convergence;density function;density modes detection;discontinuity-preserving image smoothing;discrete data;gray-level images;image segmentation;kernel regression;location estimation;low-level vision algorithms;mean shift;nearest stationary point;nonparametric technique;pattern recognition procedure;recursive mean shift procedure;robust M-estimators;robust feature space analysis;user-set parameter;Convergence;Density functional theory;Image analysis;Image color analysis;Image resolution;Image segmentation;Kernel;Pattern recognition;Robustness;Smoothing methods},
	doi={10.1109/34.1000236},
	ISSN={0162-8828},
	month={May},

}

@ARTICLE{868688,
	author={Jianbo Shi and J. Malik},
	journal={IEEE Transactions on Pattern Analysis and Machine Intelligence},
	title={Normalized cuts and image segmentation},
	year={2000},
	volume={22},
	number={8},
	pages={888-905},
	keywords={computer vision;eigenvalues and eigenfunctions;graph theory;image segmentation;image sequences;computer vision;dissimilarity;eigenvalues;graph partitioning;image segmentation;image sequences;normalized cut;perceptual grouping;similarity;Bayesian methods;Brightness;Clustering algorithms;Coherence;Data mining;Eigenvalues and eigenfunctions;Filling;Image segmentation;Partitioning algorithms;Tree data structures},
	doi={10.1109/34.868688},
	ISSN={0162-8828},
	month={Aug},
}


@inproceedings{Bachem:2016:AKS:3016100.3016103,
	author = {Bachem, Olivier and Lucic, Mario and Hassani, S. Hamed and Krause, Andreas},
	title = {Approximate K-means++ in Sublinear Time},
	booktitle = {Proceedings of the Thirtieth AAAI Conference on Artificial Intelligence},
	series = {AAAI'16},
	year = {2016},
	location = {Phoenix, Arizona},
	pages = {1459--1467},
	numpages = {9},
	url = {http://dl.acm.org/citation.cfm?id=3016100.3016103},
	acmid = {3016103},
	publisher = {AAAI Press},
} 

@Inbook{Beucher1994,
	author="Beucher, Serge",
	editor="Serra, Jean
	and Soille, Pierre",
	title="Watershed, Hierarchical Segmentation and Waterfall Algorithm",
	bookTitle="Mathematical Morphology and Its Applications to Image Processing",
	year="1994",
	publisher="Springer Netherlands",
	address="Dordrecht",
	pages="69--76",
	isbn="978-94-011-1040-2",
	doi="10.1007/978-94-011-1040-2_10",
	url="http://dx.doi.org/10.1007/978-94-011-1040-2_10"
}
