@inproceedings{Lazebnik:2006:BBF:1153171.1153549,
 author = {Lazebnik, Svetlana and Schmid, Cordelia and Ponce, Jean},
 title = {Beyond Bags of Features: Spatial Pyramid Matching for Recognizing Natural Scene Categories},
 booktitle = {Proceedings of the 2006 IEEE Computer Society Conference on Computer Vision and Pattern Recognition - Volume 2},
 series = {CVPR '06},
 year = {2006},
 isbn = {0-7695-2597-0},
 pages = {2169--2178},
 numpages = {10},
 url = {http://dx.doi.org/10.1109/CVPR.2006.68},
 doi = {10.1109/CVPR.2006.68},
 acmid = {1153549},
 publisher = {IEEE Computer Society},
 address = {Washington, DC, USA},
} 


@misc{vedaldi08vlfeat,
	Author = {A. Vedaldi and B. Fulkerson},
	Title = {{VLFeat}: An Open and Portable Library
	of Computer Vision Algorithms},
	Year  = {2008},
	Howpublished = {\url{http://www.vlfeat.org/}}
}

@inproceedings{imagenet_cvpr09,
	AUTHOR = {Deng, J. and Dong, W. and Socher, R. and Li, L.-J. and Li, K. and Fei-Fei, L.},
	TITLE = {{ImageNet: A Large-Scale Hierarchical Image Database}},
	BOOKTITLE = {CVPR09},
	YEAR = {2009},
	BIBSOURCE = "http://www.image-net.org/papers/imagenet_cvpr09.bib"}

@inproceedings{Lowe:1999:ORL:850924.851523,
	author = {Lowe, David G.},
	title = {Object Recognition from Local Scale-Invariant Features},
	booktitle = {Proceedings of the International Conference on Computer Vision-Volume 2 - Volume 2},
	series = {ICCV '99},
	year = {1999},
	isbn = {0-7695-0164-8},
	pages = {1150--},
	url = {http://dl.acm.org/citation.cfm?id=850924.851523},
	acmid = {851523},
	publisher = {IEEE Computer Society},
	address = {Washington, DC, USA},
} 

@article{fei2007learning,
	title={Learning generative visual models from few training examples: An incremental bayesian approach tested on 101 object categories},
	author={Fei-Fei, Li and Fergus, Rob and Perona, Pietro},
	journal={Computer vision and Image understanding},
	volume={106},
	number={1},
	pages={59--70},
	year={2007},
	publisher={Elsevier}
}

@article{bay2006surf,
	title={Surf: Speeded up robust features},
	author={Bay, Herbert and Tuytelaars, Tinne and Van Gool, Luc},
	journal={Computer vision--ECCV 2006},
	pages={404--417},
	year={2006},
	publisher={Springer}
}

