@INPROCEEDINGS{1467360,
	author={N. Dalal and B. Triggs},
	booktitle={2005 IEEE Computer Society Conference on Computer Vision and Pattern Recognition (CVPR'05)},
	title={Histograms of oriented gradients for human detection},
	year={2005},
	volume={1},
	pages={886-893 vol. 1},
	keywords={feature extraction;gradient methods;object detection;object recognition;support vector machines;coarse spatial binning;contrast normalization;edge based descriptors;fine orientation binning;fine-scale gradients;gradient based descriptors;histograms of oriented gradients;human detection;linear SVM;overlapping descriptor;pedestrian database;robust visual object recognition;High performance computing;Histograms;Humans;Image databases;Image edge detection;Object detection;Object recognition;Robustness;Support vector machines;Testing},
	doi={10.1109/CVPR.2005.177},
	ISSN={1063-6919},
	month={June},
}

@inproceedings{Lowe:1999:ORL:850924.851523,
	author = {Lowe, David G.},
	title = {Object Recognition from Local Scale-Invariant Features},
	booktitle = {Proceedings of the International Conference on Computer Vision-Volume 2 - Volume 2},
	series = {ICCV '99},
	year = {1999},
	isbn = {0-7695-0164-8},
	pages = {1150--},
	url = {http://dl.acm.org/citation.cfm?id=850924.851523},
	acmid = {851523},
	publisher = {IEEE Computer Society},
	address = {Washington, DC, USA},
}  


@misc{vedaldi08vlfeat,
	Author = {A. Vedaldi and B. Fulkerson},
	Title = {{VLFeat}: An Open and Portable Library
	of Computer Vision Algorithms},
	Year  = {2008},
	Howpublished = {\url{http://www.vlfeat.org/}}
}

@article{felzenszwalb2010object,
	title={Object detection with discriminatively trained part-based models},
	author={Felzenszwalb, Pedro F and Girshick, Ross B and McAllester, David and Ramanan, Deva},
	journal={IEEE transactions on pattern analysis and machine intelligence},
	volume={32},
	number={9},
	pages={1627--1645},
	year={2010},
	publisher={IEEE}
}

@inproceedings{yang2016wider,
	title={Wider face: A face detection benchmark},
	author={Yang, Shuo and Luo, Ping and Loy, Chen-Change and Tang, Xiaoou},
	booktitle={Proceedings of the IEEE Conference on Computer Vision and Pattern Recognition},
	pages={5525--5533},
	year={2016}
}

@inproceedings{malisiewicz2011ensemble,
	title={Ensemble of exemplar-svms for object detection and beyond},
	author={Malisiewicz, Tomasz and Gupta, Abhinav and Efros, Alexei A},
	booktitle={Computer Vision (ICCV), 2011 IEEE International Conference on},
	pages={89--96},
	year={2011},
	organization={IEEE}
}
